@book{bor1,
author = {Borgman, Christine L.},
year = {2003},
title = {From Gutenberg to the global information infrastructure},
subtitle = {access to information in the networked world},
edition = {1}, % should not be stated
location = {Cambridge (Mass)},
publisher = {The MIT Press},
pagetotal = {xviii, 324},
isbn = {0-262-52345-0},
langid = {czech}
}

@article{bak1,
author = {Baker, Gavin},
year = {2007},
title = {Student activism: How students use the scholarly communication system},
journaltitle = {College and Research Libraries News},
volume = {68},
number = {10},
pages = {636-638},
langid = {czech}
}

@manual{csn1,
year = {2018},
title = {Železniční aplikace - Kolej - Kolejnice},
subtitle = {Část 1: Vignolovy železniční kolejnice o hmotnosti 46 kg/m a větší},
publisher = {Česká agentura pro standardizaci},
pagetotal = {109},
langid = {czech}
}

@online{kiv1,
author = {Komise IVIG. Použití definic informační gramotnosti v práci komise~IVIG. AKVŠ ČR},
title = {Odborná komise pro informační vzdělávání a informační gramotnost na vysokých školách},
url = {http://www.ivig.cz/pouziti-informacni-gramotnosti.html},
organization = {AKVŠ ČR},
year = {2010, 16. 11. 2010},
urldate = {2011-05-15},
langid = {czech}
}

@manual{mel1,
author = {Melicharová, Lucie},
title = {Směrnice č. 9/2012 ve znění dodatku č. 1 a 2},
url = {https://studenti.upce.cz/sites/default/files/public/luva3059/smernice_c._9-2012_pravidla_pro_zverejnovani_zaverecnych_praci_a_jejich_zakladni_formalni_upravu_ve_zneni_dodatku_c._2_103008_109268_1092692_109685.pdf},
year = {2016},
urldate = {2018-10-29},
publisher = {Univerzita Pardubicei},
pagetotal = {44},
langid = {czech}
}
